<?xml version="1.0" encoding="UTF-8"?><record xmlns="http://www.loc.gov/MARC21/slim" xmlns:cinclude="http://apache.org/cocoon/include/1.0" xmlns:zs="http://www.loc.gov/zing/srw/">
  <leader>00329nz  a2200121n  4500</leader>
  <controlfield tag="001">nb2002011679</controlfield>
  <controlfield tag="003">DLC</controlfield>
  <controlfield tag="005">20020119063113.0</controlfield>
  <controlfield tag="008">020118n| acannaabn          |n aaa      </controlfield>
  <datafield tag="010" ind1=" " ind2=" ">
    <subfield code="a">nb2002011679</subfield>
  </datafield>
  <datafield tag="040" ind1=" " ind2=" ">
    <subfield code="a">Uk</subfield>
    <subfield code="b">eng</subfield>
    <subfield code="c">Uk</subfield>
  </datafield>
  <datafield tag="100" ind1="1" ind2="0">
    <subfield code="a">Gomes, Mariana</subfield>
  </datafield>
  <datafield tag="670" ind1=" " ind2=" ">
    <subfield code="a">Uma primeira imagem da liĚngua portuguesa, 1991?:</subfield>
    <subfield code="b">prelim. (Mariana Gomes)</subfield>
  </datafield>
</record>